
@InProceedings{key1,
  author =       {Albert Muda},
  title =        {Titre},
  booktitle =    {Titre du livre},
  year = {1942}, 
}


@InProceedings{key2,
  author =       {Albert Muda (toujours lui)},
  title =        {Second Titre},
  booktitle =    {Titre du second livre},
  year = {195012}, 
}
