
@InProceedings{key1,
  author =       {Albert Muda},
  title =        {Titre Un},
  booktitle =    {Titre du premier livre},
  year = {1942}, 
}
