@InProceedings{key2,
  author =       {Albert Muda},
  title =        {Titre Deux},
  booktitle =    {Titre du second livre},
  year = {1942}, 
}
