@InProceedings{Troiz,
  author =       {A third author},
  title =        {A third title},
  booktitle =    {A third source},
  }

