@InProceedings{deuz,
  author =       {Another author},
  title =        {Another title with more info},
  booktitle =     {Another source},
}

