
@Misc{someref,
  author = 	 {Morel, Lionel and Esclave, Mon,}, 
  title = 	 {Mon oeuvre},
  keywords = {conf},
}
