@InProceedings{key,
  author =       {Albert Muda},
  title =        {Titre},
  booktitle =    {Titre du livre},
  year = {1942 %
  }, 
}

% the percent sign is intentional: it triggers only a biber warning, but
% generates junk  in the .bbl file, which then makes pdflatex crash
