@InProceedings{Prems,
  author =       {An author},
  title =        {A title},
  booktitle =    {Source},
}

