@InProceedings{prems,
  author =       {An author and {{many} brackets} },
  title =        {A title

key = val (triggers a biber warning)

},
  booktitle =    {Source},
}

