@InProceedings{troiz,
  author =       {A third author},
  title =        {A third title},
  booktitle =    {A multi-line source

key = val (will trigger a biber warning)


},
  }

