@InProceedings{deuz,
  author =       {Another author},
  title =        {Another title},
  booktitle =    {Another source},
  year =         {2023},
}
