
@InProceedings{key,
  author =       {Albert Muda},
  title =        {Titre},
  booktitle =    {Titre du livre},
  year = {1942}, 
}
