@InProceedings{prems,
  author =       {An author},
  title =        {A title},
  booktitle =    {Source},
  % somehow braces cause a warning but parens cause an error
  year =         {an error between braces}, 
}

