@InProceedings{deuz,
  author =       {Another author},
  title =        {Another title},
  booktitle =    {Another source},
  % somehow braces cause a warning, parens cause an error
  year =         (an error between parens),
}

