@InProceedings{moi2014,
  author = 		 {moi},
  title = 		 {mon oeuvre sans accolade fermante,
  year = 	 {2014},
  address = 	 {chez moi},
}

