
@InProceedings{key,
  author =       {Albert Muda},
  title =        {Titre},
  booktitle =    {Un titre avec une faute de frappe},
  year = {1942}, 
}
