
junk before entry

@InProceedings{prems,
  author =       {An author and {{many} brackets} },
  title =        {A title},
  booktitle =    {Source},
}

