@InProceedings{deuz,
  author =       {Another author},
  title =        {Another title},
  booktitle =    {Another source},
  year =         {warning-worthy value},
}

junk after entry
