@InProceedings{deuz,
  author =       {Another author},
  title =        {Another title},
  booktitle =     {Another source},
}

