
@InProceedings{key,
  author =       {Albert Muda},
  title =        {Titre},
  booktitle =    {Un titre avec correction},
  year = {1942}, 
}
