@article{truc,
  author = 		 {moi},
  title = 		 {mon oeuvre},
  year =         {abcdef},
  address = 	 {chez moi},
}

