
@Misc{someref,
  author = 	 {Morel, Lionel and, Esclave, Mon}, % too many commas !
  title = 	 {Mon oeuvre},
  keywords = {conf},
}
